@inproceedings{article1,
  title={Profiling the Arion rufus snails with computer vision},
  author={Vrban{\v{c}}i{\v{c}}, Grega and Podgorelec, Vili and Salcedo-Sanz, Sancho and Fister, Iztok and others},
  booktitle={2022 IEEE 22nd International Symposium on Computational Intelligence and Informatics and 8th IEEE International Conference on Recent Achievements in Mechatronics, Automation, Computer Science and Robotics (CINTI-MACRo)},
  pages={000369--000374},
  year={2022},
  organization={IEEE}
}
